<?xml version="1.0" encoding="UTF-8"?><collection><record><leader>08851ntm a2200673 a 4500</leader><controlfield tag="001">006817689</controlfield><controlfield tag="003">MiAaHDL</controlfield><controlfield tag="005">20190719000000.0</controlfield><controlfield tag="006">m        d        </controlfield><controlfield tag="007">cr bn ---auaua</controlfield><controlfield tag="008">090611q17501799xx            00| ||ota d</controlfield><datafield tag="035" ind1=" " ind2=" "><subfield code="a">(MiU)006817689</subfield></datafield><datafield tag="035" ind1=" " ind2=" "><subfield code="a">sdr-miu006817689</subfield></datafield><datafield tag="040" ind1=" " ind2=" "><subfield code="a">MiU</subfield><subfield code="c">MiU</subfield><subfield code="e">amremm</subfield></datafield><datafield tag="041" ind1="0" ind2=" "><subfield code="a">ota</subfield></datafield><datafield tag="043" ind1=" " ind2=" "><subfield code="a">n-us-mi</subfield></datafield><datafield tag="100" ind1="0" ind2=" "><subfield code="6">880-01</subfield><subfield code="a">Kara Davutzade Mehmet Efendi</subfield><subfield code="d">d. 1756.</subfield></datafield><datafield tag="240" ind1="1" ind2="0"><subfield code="6">880-02</subfield><subfield code="a">Şerh-i Delaili'l-hayrât</subfield></datafield><datafield tag="245" ind1="1" ind2="0"><subfield code="6">880-03</subfield><subfield code="a">Tevfik muvaffikü'l-hayrât li-neyli'l-berekât fi hizmet menbai's-saâdât,</subfield><subfield code="f">[mid to late 18th century].</subfield></datafield><datafield tag="246" ind1="3" ind2=" "><subfield code="a">Şerh-i Delâil ül-hayrat</subfield></datafield><datafield tag="246" ind1="3" ind2=" "><subfield code="a">Şerh-i Delâilü'l-hayrat</subfield></datafield><datafield tag="246" ind1="3" ind2=" "><subfield code="a">Delailüâ'l-hayrat şerhi</subfield></datafield><datafield tag="246" ind1="3" ind2=" "><subfield code="a">Delailü'l-hayrat şerhi</subfield></datafield><datafield tag="246" ind1="3" ind2=" "><subfield code="6">880-04</subfield><subfield code="i">Title from colophon on p.699:</subfield><subfield code="a">دلائل الخيرات شرحى</subfield></datafield><datafield tag="246" ind1="3" ind2=" "><subfield code="a">Tevfîku mevfîki'l-hayrât li-neyli'l-berekât fi hidmeti menbai's-saâdât</subfield></datafield><datafield tag="246" ind1="3" ind2=" "><subfield code="a">Tevfik muvaffik ül-hayrât li-neyl il-berekât fi hizmet menba is-saâdât</subfield></datafield><datafield tag="246" ind1="3" ind2=" "><subfield code="a">Tawfīq muwaffiq al-khayrāt li-nayl al-barakāt fī khidmat manbaʻ al-saʻādāt</subfield></datafield><datafield tag="260" ind1=" " ind2=" "><subfield code="c">[1750-1799].</subfield></datafield><datafield tag="300" ind1=" " ind2=" "><subfield code="a">356 leaves :</subfield><subfield code="b">paper ;</subfield><subfield code="c">315 x 206 (214 x 126) mm.</subfield></datafield><datafield tag="500" ind1=" " ind2=" "><subfield code="a">Shelfmark: Ann Arbor, University of Michigan, Special Collections Library, Isl. Ms. 672</subfield></datafield><datafield tag="500" ind1=" " ind2=" "><subfield code="a">Origin: Lacks dated colophon ; paper, etc. suggest 18th century.</subfield></datafield><datafield tag="500" ind1=" " ind2=" "><subfield code="a">Accompanying materials: a. Acquisitions slip from Yahuda -- b. Inventory cataloguing slip in hand of Winifred Smeaton Thomas.</subfield></datafield><datafield tag="500" ind1=" " ind2=" "><subfield code="a">Former shelfmark: From inner front cover and spine label "IL 67" (likely supplied by Yahuda, see acquisitions slip).</subfield></datafield><datafield tag="500" ind1=" " ind2=" "><subfield code="a">Binding: Pasteboards covered in dark brown leather ; Type II binding (with flap, though now lost) ; pastedowns and flyleaves in pink surface-dyed laid paper ; upper and lower covers carry large stamped (with orange recessed onlays) and gold-painted scalloped mandorla (filled with vegetal composition, compare Déroche class. OAi type) and pendants with gold-painted strokes and rosette stamp accents , along with gold-painted border in a series of s-shaped stamps flanked by gold fillets ; sewn in dark blue or black and dark pink thread, two stations ; worked chevron endbands in pink and yellow, some damage ; overall in fair condition with loss of flap, some abrasion and staining, textile (likely linen) repair to spine, etc.</subfield></datafield><datafield tag="500" ind1=" " ind2=" "><subfield code="a">Support: European laid paper ; mainly with 11 laid lines per cm. (horizontal), chain lines spaced 22-25 mm. apart (vertical), and watermarks of grapes (raisin) with crown above (p.68, etc.) and names with date (possibly 1756 [?], see p.69, etc.), medium cream in color, thin and crisp though sturdy, well-burnished to glossy ; another type with 12 laid lines per cm. (horizontal), chain lines spaced 22 mm. apart (vertical), and watermark of scrollwork with lion and "F A" below (see p.624, etc.).</subfield></datafield><datafield tag="500" ind1=" " ind2=" "><subfield code="a">Decoration: Splendid illuminated headpiece (ʻunwān) at opening on p.2 consisting of narrow rectangular piece carrying the basmalah flanked by gilt swirling vegetal pattern surmounted by larger rectangular piece with empty gold cartouche flanked by floral accents (in white, red and gold on fields of red and blue) surmounted by a remarkable w-shaped piece filled with swirling floral vegetal decoration in white, green, red, and black on a gold ground along with inset dome carrying painting depicting the Prophet's mosque at Medina (al-Masjid al-Nabawī) in white, blue, and grey on a pink ground with sky and mountain in background (in shades of blue and grey) ; w-shaped piece flanked by vegetal pieces in blue and orange-red and surmounted by vertical stalks (tīgh) in a dark pink and blue ; entire headpiece set into a series of elaborate well borders consisting of a colored band (blue, light pink, dark yellow, dark pink to red, and green) with a series of crosses in a contrasting color ; written area surrounded by gold frame ; textual dividers in the form of gold and red discs ; keywords and text being commented upon overlined in red.</subfield></datafield><datafield tag="500" ind1=" " ind2=" "><subfield code="a">Script: Naskh ; elegant Ottoman hand ; partially but irregularly seriffed with right-sloping head-serif on occasional lām, effect of tilt to the left, curvilinear descenders.</subfield></datafield><datafield tag="500" ind1=" " ind2=" "><subfield code="a">Layout: Written in 31 lines per page ; frame-ruled.</subfield></datafield><datafield tag="500" ind1=" " ind2=" "><subfield code="a">Collation: 35 V(350), III (356) ; almost exclusively quinions ; fol.119b (p.236) and fol.120a (p.237) left blank (perhaps intended for some never-completed depiction of the tombs of the Prophet, Abū Bakr and ʻUmar) ; foliation in black ink, Hindu-Arabic numerals (mistakenly begins anew on p.239 after lacunae) ; quire numbering in red ink, Hindu-Arabic numerals, appears often on the verso of the final leaf of the quire ; catchwords present ; pagination in pencil, Western numerals, supplied during digitization (mistakenly skips two pages between p.3 and p.4 and drops ten pages followed p.679 with p.670).</subfield></datafield><datafield tag="500" ind1=" " ind2=" "><subfield code="a">Colophon: " تمت الكتاب بعون الله الملك الوهاب استانبولده يكى والده سلطان جامع شريفنده پنچره ديبنده امت محمد وعظ نصيحت ايدن محدث مفسر شيخ اعمى داود زاده محمد افندى مرحومك تاليف ايلدوكى دلائل الخيرات شرحيدر كتابك اسمى بودر كتاب توفيق موفق الخيرات لنيل البركات في خدمت منبع السعادات ديو تسميه اولنمشدر رضاء الله فاتحه"</subfield></datafield><datafield tag="500" ind1=" " ind2=" "><subfield code="a">Explicit: "رب العالمين اويله الله عظيم الشانكه جمله عالم لرك [عالملرك] موجودى ومربيسى ومالك متصرفيدر"</subfield></datafield><datafield tag="500" ind1=" " ind2=" "><subfield code="a">Incipit: "الحمد لله الذي صلى بنفسه على النبي عليه اكمل الصلوة والتسليم ... اما بعد حق سبحانه وتعالى حضرتلرى نوع انسانى جملدن مكرم وعقل فهم ادراكى تفهيم وعلمله جملدن ومفخم قره ودرياده بعيديرلره كتمده كندينى واحمال كتورمكه بنكلر احسانيله معظم وانواع طيبات ومستلذات انعاملريله متنعم قلديغنه سر حكمت كندويى توحيد واصناف عبادت ايله قوللق اولدغنى ... بو كتابه توفيق موفق الخيرات لنيل البركات في خذمت منبع السعادات ديو تسميه اولندى ..."</subfield></datafield><datafield tag="500" ind1=" " ind2=" "><subfield code="a">Title from opening (recto of leaf carrying p.4) and colophon (p.699).</subfield></datafield><datafield tag="500" ind1=" " ind2=" "><subfield code="a">Ms. codex.</subfield></datafield><datafield tag="510" ind1="4" ind2=" "><subfield code="a">Fihris al-makhṭūṭāt al-Turkīyah al-ʻUthmānīyah allatī iqtanatʹhā Dār al-Kutub al-Qawmīyah mundhu ʻām 1870 ḥattá nihāyat 1980,</subfield><subfield code="c">v.1, pp.310-312, nos.1197-1210</subfield></datafield><datafield tag="510" ind1="4" ind2=" "><subfield code="a">Brockelmann, C. GAL,</subfield><subfield code="c">II 253 (no. 6)</subfield></datafield><datafield tag="520" ind1="8" ind2=" "><subfield code="a">Elegant copy of the commentary by Kara Davutzade Rumi Mehmet b. Ahmet Efendi (d.1756) upon Dalāʼil al-khayrāt, al-Jazūlī’s (d.1465) celebrated collection of prayers for the Prophet.</subfield></datafield><datafield tag="538" ind1=" " ind2=" "><subfield code="a">Mode of access: Internet.</subfield></datafield><datafield tag="541" ind1=" " ind2=" "><subfield code="a">Acquired in 1926 from the bookseller Isaac Benjamin S.E. Yahuda via purchase transacted on his behalf by his younger brother, the famous Orientalist and manuscript collector Abraham Shalom Yahuda (1877-1951).</subfield></datafield><datafield tag="546" ind1=" " ind2=" "><subfield code="a">Ottoman Turkish.</subfield></datafield><datafield tag="561" ind1=" " ind2=" "><subfield code="a">Waqf (vakıf) statement on verso of final leaf (p.700) dated 1275 [1858 or 9] in name of Çinizlikli Mehmet Kapudan, reads "صاحب الخيرات والحسنات چنزلكلى محمد قپودانك وقفيدر هر كم مطالعه ايدرسه بو كتابى دعاء خير ايله ياد ايليه بو فقيرى سنه ۲٧٥" ; "وقف" also appears in upper margin of several leaves (see p.44, 45, 183, 218, 367) ; an inscription in Hebrew script appears below the waqf statement on verso of final leaf (p.700) ; marginal corrections (many marked with rubricated signes de renvoi).</subfield></datafield><datafield tag="600" ind1="1" ind2="0"><subfield code="a">Jazūlī, Muḥammad ibn Sulaymān,</subfield><subfield code="d">d. 1465.</subfield><subfield code="t">Dalāʼil al-khayrāt wa-shawāriq al-anwār fī dhikr al-ṣalāh ʻalá al-Nabī al-mukhtār.</subfield></datafield><datafield tag="650" ind1=" " ind2="0"><subfield code="a">Manuscripts, Turkish</subfield><subfield code="z">Michigan</subfield><subfield code="z">Ann Arbor.</subfield></datafield><datafield tag="650" ind1=" " ind2="0"><subfield code="a">Sufism</subfield><subfield code="v">Prayers and devotions</subfield><subfield code="v">Early works to 1800.</subfield></datafield><datafield tag="650" ind1=" " ind2="0"><subfield code="a">Islam</subfield><subfield code="v">Prayers and devotions</subfield><subfield code="v">Early works to 1800.</subfield></datafield><datafield tag="773" ind1="0" ind2=" "><subfield code="a">Yahuda Collection.</subfield></datafield><datafield tag="880" ind1="1" ind2="0"><subfield code="6">245-03/</subfield><subfield code="a">توفيق موفق الخيرات لنيل البركات فى خذمت منبع السعادات,</subfield><subfield code="f">[اواسط الى اواخر القرن 18م]</subfield></datafield><datafield tag="880" ind1="1" ind2="0"><subfield code="6">240-02/</subfield><subfield code="a">شرح دلائل الخيرات</subfield></datafield><datafield tag="880" ind1="0" ind2=" "><subfield code="6">100-01/</subfield><subfield code="a">قره داود زاده الرومي محمد بن احمد افندى.</subfield></datafield><datafield tag="CID" ind1=" " ind2=" "><subfield code="a">006817689</subfield></datafield><datafield tag="DAT" ind1="0" ind2=" "><subfield code="a">20190719102639.0</subfield><subfield code="b">20190719000000.0</subfield></datafield><datafield tag="DAT" ind1="1" ind2=" "><subfield code="a">20190719090653.0</subfield><subfield code="b">2019-07-19T16:11:58Z</subfield></datafield><datafield tag="DAT" ind1="2" ind2=" "><subfield code="a">2015-10-02T18:00:03Z</subfield></datafield><datafield tag="CAT" ind1=" " ind2=" "><subfield code="a">SDR-MIU</subfield><subfield code="d">EX LIBRIS - ALEPH</subfield><subfield code="l">prepare.pl-004-008</subfield></datafield><datafield tag="FMT" ind1=" " ind2=" "><subfield code="a">BK</subfield></datafield><datafield tag="HOL" ind1=" " ind2=" "><subfield code="0">sdr-miu006817689</subfield><subfield code="a">MiU</subfield><subfield code="b">SDR</subfield><subfield code="c">MIU</subfield><subfield code="p">mdp.39015079129691</subfield><subfield code="s">MIU</subfield><subfield code="1">006817689</subfield></datafield><datafield tag="974" ind1=" " ind2=" "><subfield code="b">MIU</subfield><subfield code="c">MIU</subfield><subfield code="d">20190719</subfield><subfield code="s">lit-dlps-dc</subfield><subfield code="u">mdp.39015079129691</subfield><subfield code="y">1799</subfield><subfield code="r">pd</subfield><subfield code="q">bib</subfield><subfield code="t">non-US bib date2 &lt; 1896</subfield></datafield></record></collection>